SKU: 471364

Ração Húmida para Cão Adulto Sabor Borrego e Frango ActivPet

300 G | €2.50/KG

€0.75

SKU: 827103

Amaciador Roupa Aqua Ultra Pro

80 DOSES | €0.02/DOSE

€1.85

SKU: 969034

Detergente Máquina da Roupa Líquido Aqua Ultra - 44 doses

44 DOSES | €0.07/DOSE

€2.99

SKU: 969556

Papel Higiénico Liso Branco Pingo Doce

12 UN | €0.32/UN

€3.79

SKU: 985518

Pasta de Dentes Herbal Pingo Doce

100 ML | €9.90/LT

€0.99

SKU: 310515

Pasta de Dentes Tripla Proteção Menta Fresca Aquafresh

75 ML | €24.53/LT

€1.84 €2.49

SKU: 559197

Vinho Branco Pingo Doce Embalagem

1 L | €0.85/LT

€0.85

SKU: 52631

Água sem Gás Monchique

1.5 L | €0.45/LT

€0.67

SKU: 928200

Bolachas Biscuits Nutella

304 G | €14.77/KG

€4.49

SKU: 803456

Bolachas Dorada no Forno Zero Gullon

330 G | €10.27/KG

€3.39

SKU: 813484

Bolachas Maria Pingo Doce - 12 un

12X25 G | €4.97/KG

€1.49

SKU: 918827

Especialidade Vegetariana de Soja Tipo Salsicha Vegalia Nobre - 8 un

8 UN | €0.35/UN

€2.79

SKU: 927480

Polpa de Tomate Pingo Doce

500 G | €1.98/KG

€0.99

SKU: 701347

Puré de Batata Maggi

250 G | €11.96/KG

€2.99

SKU: 857957

Café Cápsulas Prestigio Intensidade 10 Dolce Gusto Chave D'Ouro

16 UN | €0.23/UN

€3.69 €3.99

SKU: 857044

Cereais Crunchy Muesli Pingo Doce

1 KG | €3.49/KG

€3.49

SKU: 968922

Cereais Muesli Crunchy de Chocolate Pingo Doce

500 G | €5.20/KG

€2.65

SKU: 876196

Natas UHT para Bater Pingo Doce

200 ML | €3.95/LT

€0.79

SKU: 950061

Iogurte Grego Natural Danone Oikos

900 G | €4.66/KG

€4.19

SKU: 431961

Iogurte Magro Natural Pingo Doce (min. 4 un)

125 G | €1.60/KG

€0.20

SKU: 766469

Massa para Pizza Refrigerada Pingo Doce

260 G | €3.81/KG

€0.99

SKU: 888311

Pão Integral

90 G | €2.22/KG

€0.20

SKU: 739879

Fiambre da Perna Extra Fatias Finas Pingo Doce

225 G | €7.96/KG

€1.79

SKU: 705591

Queijo Mozzarella Ralado Pingo Doce

200 G | €8.20/KG

€1.64

SKU: 931170

Seitan Vegan Cem Porcento

300 G | €9.97/KG

€2.99

SKU: 930418

Tofu Natural Biológico Cem Porcento

300 G | €9.97/KG

€2.99

SKU: 969634

Pistachios Salgados Pingo Doce

250 G | €13.80/KG

€3.45

SKU: 882936

Cogumelos Portobello Pequenos Pingo Doce - Embalagem 0.3 Kg

300 G | €6.30/KG

€1.89

SKU: 421152

Asas de Frango do Campo Pingo Doce - Embalagem 0.55 Kg

0.55 KG ~ 1 UN | €2.98/KG

€2.98

SKU: 474571

Costeletas de Peru Pingo Doce - Embalagem 0.55 Kg

0.55 KG ~ 1 UN | €5.78/KG

€5.78

SKU: 959308

Rojões de Porco - Embalagem 0.6 Kg

0.6 KG ~ 1 UN | €5.98/KG

€5.98

SKU: 544184

Bife de Frango Fresco - Unidade 0.1 Kg

0.1 KG ~ 1 UN | €5.99/KG

€5.99 €6.45

SKU: 542890

Bacalhau Desfiado Pingo Doce Congelado

500 G | €11.98/KG

€5.99

SKU: 970901

Crepes com Chocolate Pingo Doce

540 G | €5.72/KG

€3.09

SKU: 970146

Miolo de Camarão 40/60 Congelado Pingo Doce

200 G | €19.95/KG

€3.99

SKU: 900938

Saco de Plástico Reciclado 85%

1 UN | €0.10/UN

€0.10